<?xml version="1.0" encoding="UTF-8"?><collection xmlns="http://www.loc.gov/MARC21/slim"><record><leader>00421nam--2200133-i-4500</leader><controlfield tag="001">000008570</controlfield><controlfield tag="002">20161230</controlfield><controlfield tag="005">20170127224328</controlfield><controlfield tag="008">060222s1000------------r-----000-0-eng-d</controlfield><datafield ind1=" " ind2=" " tag="245"><subfield code="a">1967 book of astm standards. With related material. Part 30: General testing methods</subfield></datafield><datafield ind1=" " ind2=" " tag="260"><subfield code="a">Radioi Sotopes And Radiation Effects</subfield></datafield><datafield ind1=" " ind2=" " tag="300"><subfield code="a">XX + 1104 p</subfield></datafield><datafield ind1=" " ind2=" " tag="653"><subfield code="a">Sensory Evaluation Of Materials And</subfield></datafield><datafield ind1=" " ind2=" " tag="CAT"><subfield code="a">SYS</subfield><subfield code="c">20170127</subfield><subfield code="h">224328</subfield></datafield></record></collection>